@ARTICLE{pks2155hess2007,
   author = {{Aharonian}, F. and {Akhperjanian}, A.~G. and {Bazer-Bachi}, A.~R. and others},
    title = "{An Exceptional Very High Energy Gamma-Ray Flare of PKS 2155-304}",
  journal = {\apjl},
archivePrefix = "arXiv",
   eprint = {0706.0797},
 keywords = {Galaxies: BL Lacertae Objects: Individual: Alphanumeric: PKS 2155-304, Galaxies: Active, Gamma Rays: Observations},
     year = 2007,
    month = aug,
   volume = 664,
    pages = {L71-L74},
      doi = {10.1086/520635},
   adsurl = {http://adsabs.harvard.edu/abs/2007ApJ...664L..71A},
  adsnote = {Provided by the SAO/NASA Astrophysics Data System}
}
@ARTICLE{pks1222magic2011,
   author = {{Aleksi{\'c}}, J. and {Antonelli}, L.~A. and {Antoranz}, P. and others
	  },
    title = "{MAGIC Discovery of Very High Energy Emission from the FSRQ PKS{\nbsp}1222+21}",
  journal = {\apjl},
archivePrefix = "arXiv",
   eprint = {1101.4645},
 primaryClass = "astro-ph.HE",
 keywords = {cosmic background radiation, galaxies: active, galaxies: jets, gamma rays: galaxies, quasars: individual: PKS 1222+21 },
     year = 2011,
    month = mar,
   volume = 730,
    pages = {L8+},
      doi = {10.1088/2041-8205/730/1/L8},
   adsurl = {http://adsabs.harvard.edu/abs/2011ApJ...730L...8A},
  adsnote = {Provided by the SAO/NASA Astrophysics Data System}
}
@article{Pelassa:2010xp,
      author         = "Pelassa, V. and Preece, R. and Piron, F. and Omodei, N.
                        and Guiriec, S.",
      title          = "{The LAT Low-Energy technique for Fermi Gamma-Ray Bursts
                        spectral analysis}",
      collaboration  = "GBM, Fermi-LAT",
      year           = "2010",
      eprint         = "1002.2617",
      archivePrefix  = "arXiv",
      journal = "ArXiv",
      primaryClass   = "astro-ph.HE",
      SLACcitation   = "%%CITATION = ARXIV:1002.2617;%%"
}
@article{Bodo:2017qqn,
      author         = "Bodo, G. and Tavecchio, F.",
      title          = "{Recollimation shocks and radiative losses in
                        extragalactic relativistic jets}",
      journal        = "\aap",
      volume         = "609",
      year           = "2018",
      pages          = "A122",
      doi            = "10.1051/0004-6361/201732000",
      eprint         = "1710.06713",
      archivePrefix  = "arXiv",
      primaryClass   = "astro-ph.HE",
      SLACcitation   = "%%CITATION = ARXIV:1710.06713;%%"
}

@article{Madejski:2016oqg,
      author         = "Madejski, G. and Sikora, M.",
      title          = "{Gamma-Ray Observations of Active Galactic Nuclei}",
      journal        = "Ann. Rev. Astron. Astrophys.",
      volume         = "54",
      year           = "2016",
      pages          = "725-760",
      doi            = "10.1146/annurev-astro-081913-040044",
      SLACcitation   = "%%CITATION = ARAAA,54,725;%%"
}
@inproceedings{Romoli:2017zuc,
      author         = "Romoli, C. and Zacharias, M. and Meyer, M. and Benkhali,
                        F. Ait and Jacholkowska, A. and Wierzcholska, A. and
                        Jankowsky, F. and Lenain, J. P.",
      title          = "{Observation of the extremely bright flare of the FSRQ
                        3C279 with H.E.S.S. II}",
      booktitle      = "{Proceedings,  35th International Cosmic Ray Conference}",
      collaboration  = "H.E.S.S.",
      url            = "http://inspirehep.net/record/1614289/files/arXiv:1708.00882.pdf",
      year           = "2017",
      eprint         = "1708.00882",
      archivePrefix  = "arXiv",
      primaryClass   = "astro-ph.HE",
      SLACcitation   = "%%CITATION = ARXIV:1708.00882;%%"
}
@article{finke2016,
      author         = "Finke, J. D.",
      title          = "{External Compton Scattering in Blazar Jets and the
                        Location of the Gamma-Ray Emitting Region}",
      journal        = "\apj",
      volume         = "830",
      year           = "2016",
      number         = "2",
      pages          = "94",
      doi            = "10.3847/0004-637X/830/2/94",
      eprint         = "1607.03907",
      archivePrefix  = "arXiv",
      primaryClass   = "astro-ph.HE",
      SLACcitation   = "%%CITATION = ARXIV:1607.03907;%%"
}
@article{Blandford:2017pet,
      author         = "Blandford, R. and Anantua, R.",
      title          = "{The Future of Black Hole Astrophysics in the
                        LIGO-VIRGO-LPF Era}",
      booktitle      = "{Proceedings, 11th International LISA Symposium: Zurich,
                        Switzerland, September 5-9, 2016}",
      journal        = "J. Phys. Conf. Ser.",
      volume         = "840",
      year           = "2017",
      number         = "1",
      pages          = "012023",
      doi            = "10.1088/1742-6596/840/1/012023",
      eprint         = "1705.03119",
      archivePrefix  = "arXiv",
      primaryClass   = "astro-ph.HE",
      SLACcitation   = "%%CITATION = ARXIV:1705.03119;%%"
}
@article{Petropoulou:2016xat,
      author         = "Petropoulou, M. and Nalewajko, K. and Hayashida, M. and
                        Mastichiadis, A.",
      title          = "{A hadronic minute-scale GeV flare from quasar 3C 279?}",
      journal        = "\mnras",
      volume         = "467",
      year           = "2017",
      number         = "1",
      pages          = "L16-L20",
      doi            = "10.1093/mnrasl/slw252",
      eprint         = "1612.05699",
      archivePrefix  = "arXiv",
      primaryClass   = "astro-ph.HE",
      SLACcitation   = "%%CITATION = ARXIV:1612.05699;%%"
}

@ARTICLE{Dallilar2017,
   author = {{Dallilar}, Y. and {Eikenberry}, S.~S. and {Garner}, A. and 
	{Stelter}, R.~D. and {Gottlieb}, A. and {Gandhi}, P. and {Casella}, P. and 
	{Dhillon}, V.~S. and {Marsh}, T.~R. and {Littlefair}, S.~P. and 
	{Hardy}, L. and {Fender}, R. and {Mooley}, K. and {Walton}, D.~J. and 
	{Fuerst}, F. and {Bachetti}, M. and {Castro-Tirado}, A.~J. and 
	{Charcos}, M. and {Edwards}, M.~L. and {Lasso-Cabrera}, N.~M. and 
	{Marin-Franch}, A. and {Raines}, S.~N. and {Ackley}, K. and 
	{Bennett}, J.~G. and {Cenarro}, A.~J. and {Chinn}, B. and {Donoso}, H.~V. and 
	{Frommeyer}, R. and {Hanna}, K. and {Herlevich}, M.~D. and {Julian}, J. and 
	{Miller}, P. and {Mullin}, S. and {Murphey}, C.~H. and {Packham}, C. and 
	{Varosi}, F. and {Vega}, C. and {Warner}, C. and {Ramaprakash}, A.~N. and 
	{Burse}, M. and {Punnadi}, S. and {Chordia}, P. and {Gerarts}, A. and 
	{de Paz Mart{\'{\i}}n}, H. and {Calero}, M.~M. and {Scarpa}, R. and 
	{Acosta}, S.~F. and {Hern{\'a}ndez S{\'a}nchez}, W.~M. and {Siegel}, B. and 
	{P{\'e}rez}, F.~F. and {Viera Mart{\'{\i}}n}, H.~D. and {Rodr{\'{\i}}guez Losada}, J.~A. and 
	{Nu{\~n}ez}, A. and {Tejero}, {\'A}. and {Mart{\'{\i}}n Gonz{\'a}lez}, C.~E. and 
	{Rodr{\'{\i}}guez}, C.~C. and {Molg{\'o}}, J. and {Rodriguez}, J.~E. and 
	{C{\'a}ceres}, J.~I.~F. and {Rodr{\'{\i}}guez Garc{\'{\i}}a}, L.~A. and 
	{Lopez}, M.~H. and {Dominguez}, R. and {Gaggstatter}, T. and 
	{Lavers}, A.~C. and {Geier}, S. and {Pessev}, P. and {Sarajedini}, A.
	},
    title = "{A precise measurement of the magnetic field in the corona of the black hole binary V404 Cygni}",
  journal = {Science},
     year = 2017,
    month = dec,
   volume = 358,
    pages = {1299-1302},
      doi = {10.1126/science.aan0249},
   adsurl = {http://adsabs.harvard.edu/abs/2017Sci...358.1299D},
  adsnote = {Provided by the SAO/NASA Astrophysics Data System}
}
@article{Eisenstein:1997sm,
      author         = "Eisenstein, D. J. and Hut, P.",
      title          = "{HOP: A New group finding algorithm for N body
                        simulations}",
      journal        = "\apj",
      volume         = "498",
      year           = "1998",
      pages          = "137-142",
      doi            = "10.1086/305535",
      eprint         = "astro-ph/9712200",
      archivePrefix  = "arXiv",
      primaryClass   = "astro-ph",
      reportNumber   = "IASSNS-AST-97-33",
      SLACcitation   = "%%CITATION = ASTRO-PH/9712200;%%"
}
@article{Biteau:2012uj,
      author         = "Biteau, J. and Giebels, B.",
      title          = "{The minijets-in-a-jet statistical model and the RMS-flux
                        correlation}",
      journal        = "\aap",
      volume         = "548",
      year           = "2012",
      pages          = "A123",
      doi            = "10.1051/0004-6361/201220056",
      eprint         = "1210.2045",
      archivePrefix  = "arXiv",
      primaryClass   = "astro-ph.HE",
      SLACcitation   = "%%CITATION = ARXIV:1210.2045;%%"
}

@article{TheFermi-LAT:2016dss,
      author         = "Ackermann, M. and others",
      title          = "{Minute-Timescale >100 MeV gamma-ray variability during
                        the giant outburst of quasar 3C 279 observed by Fermi-LAT
                        in 2015 June}",
      collaboration  = "Fermi-LAT",
      journal        = "\apj",
      volume         = "824",
      year           = "2016",
      number         = "2",
      pages          = "L20",
      doi            = "10.3847/2041-8205/824/2/L20",
      eprint         = "1605.05324",
      archivePrefix  = "arXiv",
      primaryClass   = "astro-ph.HE",
      SLACcitation   = "%%CITATION = ARXIV:1605.05324;%%"
}


@ARTICLE{racusin2017,
   author = {{Racusin}, J.~L. and {Burns}, E. and {Goldstein}, A. and {Connaughton}, V. and 
	{Wilson-Hodge}, C.~A. and {Jenke}, P. and {Blackburn}, L. and 
	{Briggs}, M.~S. and {Broida}, J. and {Camp}, J. and {Christensen}, N. and 
	{Hui}, C.~M. and {Littenberg}, T. and {Shawhan}, P. and {Singer}, L. and 
	{Veitch}, J. and {Bhat}, P.~N. and {Cleveland}, W. and {Fitzpatrick}, G. and 
	{Gibby}, M.~H. and {von Kienlin}, A. and {McBreen}, S. and {Mailyan}, B. and 
	{Meegan}, C.~A. and {Paciesas}, W.~S. and {Preece}, R.~D. and 
	{Roberts}, O.~J. and {Stanbro}, M. and {Veres}, P. and {Zhang}, B.-B. and 
	{Fermi LAT Collaboration} and {Ackermann}, M. and {Albert}, A. and 
	{Atwood}, W.~B. and {Axelsson}, M. and {Baldini}, L. and {Ballet}, J. and 
	{Barbiellini}, G. and {Baring}, M.~G. and {Bastieri}, D. and 
	{Bellazzini}, R. and {Bissaldi}, E. and {Blandford}, R.~D. and 
	{Bloom}, E.~D. and {Bonino}, R. and {Bregeon}, J. and {Bruel}, P. and 
	{Buson}, S. and {Caliandro}, G.~A. and {Cameron}, R.~A. and 
	{Caputo}, R. and {Caragiulo}, M. and {Caraveo}, P.~A. and {Cavazzuti}, E. and 
	{Charles}, E. and {Chiang}, J. and {Ciprini}, S. and {Costanza}, F. and 
	{Cuoco}, A. and {Cutini}, S. and {D{\rsquo}Ammando}, F. and 
	{de Palma}, F. and {Desiante}, R. and {Digel}, S.~W. and {Di Lalla}, N. and 
	{Di Mauro}, M. and {Di Venere}, L. and {Drell}, P.~S. and {Favuzzi}, C. and 
	{Ferrara}, E.~C. and {Focke}, W.~B. and {Fukazawa}, Y. and {Funk}, S. and 
	{Fusco}, P. and {Gargano}, F. and {Gasparrini}, D. and {Giglietto}, N. and 
	{Gill}, R. and {Giroletti}, M. and {Glanzman}, T. and {Granot}, J. and 
	{Green}, D. and {Grove}, J.~E. and {Guillemot}, L. and {Guiriec}, S. and 
	{Harding}, A.~K. and {Jogler}, T. and {J{\'o}hannesson}, G. and 
	{Kamae}, T. and {Kensei}, S. and {Kocevski}, D. and {Kuss}, M. and 
	{Larsson}, S. and {Latronico}, L. and {Li}, J. and {Longo}, F. and 
	{Loparco}, F. and {Lubrano}, P. and {Magill}, J.~D. and {Maldera}, S. and 
	{Malyshev}, D. and {Mazziotta}, M.~N. and {McEnery}, J.~E. and 
	{Michelson}, P.~F. and {Mizuno}, T. and {Monzani}, M.~E. and 
	{Morselli}, A. and {Moskalenko}, I.~V. and {Negro}, M. and {Nuss}, E. and 
	{Omodei}, N. and {Orienti}, M. and {Orlando}, E. and {Ormes}, J.~F. and 
	{Paneque}, D. and {Perkins}, J.~S. and {Pesce-Rollins}, M. and 
	{Piron}, F. and {Pivato}, G. and {Porter}, T.~A. and {Principe}, G. and 
	{Rain{\`o}}, S. and {Rando}, R. and {Razzano}, M. and {Razzaque}, S. and 
	{Reimer}, A. and {Reimer}, O. and {Saz Parkinson}, P.~M. and 
	{Scargle}, J.~D. and {Sgr{\`o}}, C. and {Simone}, D. and {Siskind}, E.~J. and 
	{Smith}, D.~A. and {Spada}, F. and {Spinelli}, P. and {Suson}, D.~J. and 
	{Tajima}, H. and {Thayer}, J.~B. and {Torres}, D.~F. and {Troja}, E. and 
	{Uchiyama}, Y. and {Vianello}, G. and {Wood}, K.~S. and {Wood}, M.
	},
    title = "{Searching the Gamma-Ray Sky for Counterparts to Gravitational Wave Sources: /Fermi GBM and LAT Observations of LVT151012 and GW151226}",
  journal = {\apj},
archivePrefix = "arXiv",
   eprint = {1606.04901},
 primaryClass = "astro-ph.HE",
 keywords = {gamma rays: general, gravitational waves, methods: observational},
     year = 2017,
    month = jan,
   volume = 835,
      eid = {82},
    pages = {82},
      doi = {10.3847/1538-4357/835/1/82},
   adsurl = {http://adsabs.harvard.edu/abs/2017ApJ...835...82R},
  adsnote = {Provided by the SAO/NASA Astrophysics Data System}
}
@ARTICLE{2017Galax...5..100N,
   author = {{Nalewajko}, K.},
    title = "{Suborbital Fermi/LAT Analysis of the Brightest Gamma-Ray Flare of Blazar 3C 454.3}",
  journal = {Galaxies},
archivePrefix = "arXiv",
   eprint = {1712.04984},
 primaryClass = "astro-ph.HE",
     year = 2017,
    month = dec,
   volume = 5,
    pages = {100},
      doi = {10.3390/galaxies5040100},
   adsurl = {http://adsabs.harvard.edu/abs/2017Galax...5..100N},
  adsnote = {Provided by the SAO/NASA Astrophysics Data System}
}
@ARTICLE{2018ApJ...854L..26S,
   author = {{Shukla}, A. and {Mannheim}, K. and {Patel}, S.~R. and {Roy}, J. and 
	{Chitnis}, V.~R. and {Dorner}, D. and {Rao}, A.~R. and {Anupama}, G.~C. and 
	{Wendel}, C.},
    title = "{Short-timescale {$\gamma$}-Ray Variability in CTA 102}",
  journal = {\apjl},
 keywords = {galaxies: active, galaxies: jets, gamma rays: galaxies, quasars: individual: CTA 102 },
     year = 2018,
    month = feb,
   volume = 854,
      eid = {L26},
    pages = {L26},
      doi = {10.3847/2041-8213/aaacca},
   adsurl = {http://adsabs.harvard.edu/abs/2018ApJ...854L..26S},
  adsnote = {Provided by the SAO/NASA Astrophysics Data System}
}
@ARTICLE{2013MNRAS.430.1324N,
   author = {{Nalewajko}, K.},
    title = "{The brightest gamma-ray flares of blazars}",
  journal = {\mnras},
archivePrefix = "arXiv",
   eprint = {1211.0274},
 primaryClass = "astro-ph.HE",
 keywords = {quasars: general, quasars: individual: 3C 454.3, gamma rays: galaxies},
     year = 2013,
    month = apr,
   volume = 430,
    pages = {1324-1333},
      doi = {10.1093/mnras/sts711},
   adsurl = {http://adsabs.harvard.edu/abs/2013MNRAS.430.1324N},
  adsnote = {Provided by the SAO/NASA Astrophysics Data System}
}


@ARTICLE{2018MNRAS.477.4749C,
   author = {{Costamante}, L. and {Cutini}, S. and {Tosti}, G. and {Antolini}, E. and 
	{Tramacere}, A.},
    title = "{On the origin of gamma-rays in Fermi blazars: beyondthe broad-line region}",
  journal = {\mnras},
archivePrefix = "arXiv",
   eprint = {1804.02408},
 primaryClass = "astro-ph.HE",
 keywords = {Galaxies: active, galaxies: jets, quasars: general, gamma-rays: general},
     year = 2018,
    month = jul,
   volume = 477,
    pages = {4749-4767},
      doi = {10.1093/mnras/sty887},
   adsurl = {http://adsabs.harvard.edu/abs/2018MNRAS.477.4749C},
  adsnote = {Provided by the SAO/NASA Astrophysics Data System}
}

@ARTICLE{2010ApJ...717L.118P,
   author = {{Poutanen}, J. and {Stern}, B.},
    title = "{GeV Breaks in Blazars as a Result of Gamma-ray Absorption Within the Broad-line Region}",
  journal = {\apjl},
archivePrefix = "arXiv",
   eprint = {1005.3792},
 primaryClass = "astro-ph.HE",
 keywords = {BL Lacertae objects: general, galaxies: active, galaxies: jets, gamma rays: general, radiation mechanisms: non-thermal},
     year = 2010,
    month = jul,
   volume = 717,
    pages = {L118-L121},
      doi = {10.1088/2041-8205/717/2/L118},
   adsurl = {http://adsabs.harvard.edu/abs/2010ApJ...717L.118P},
  adsnote = {Provided by the SAO/NASA Astrophysics Data System}
}

@ARTICLE{2013ApJ...764..167S,
   author = {{Scargle}, J.~D. and {Norris}, J.~P. and {Jackson}, B. and {Chiang}, J.
	},
    title = "{Studies in Astronomical Time Series Analysis. VI. Bayesian Block Representations}",
  journal = {\apj},
archivePrefix = "arXiv",
   eprint = {1207.5578},
 primaryClass = "astro-ph.IM",
 keywords = {methods: data analysis, methods: statistical },
     year = 2013,
    month = feb,
   volume = 764,
      eid = {167},
    pages = {167},
      doi = {10.1088/0004-637X/764/2/167},
   adsurl = {http://adsabs.harvard.edu/abs/2013ApJ...764..167S},
  adsnote = {Provided by the SAO/NASA Astrophysics Data System}
}

@ARTICLE{1998ApJ...498..137E,
   author = {{Eisenstein}, D.~J. and {Hut}, P.},
    title = "{HOP: A New Group-Finding Algorithm for N-Body Simulations}",
  journal = {\apj},
   eprint = {astro-ph/9712200},
 keywords = {COSMOLOGY: THEORY, COSMOLOGY: DARK MATTER, METHODS: NUMERICAL, Cosmology: Theory, Cosmology: Dark Matter, Methods: Numerical},
     year = 1998,
    month = may,
   volume = 498,
    pages = {137-142},
      doi = {10.1086/305535},
   adsurl = {http://adsabs.harvard.edu/abs/1998ApJ...498..137E},
  adsnote = {Provided by the SAO/NASA Astrophysics Data System}
}

@ARTICLE{2010ApJ...722..520A,
   author = {{Abdo}, A.~A. and {Ackermann}, M. and {Ajello}, M. and {Antolini}, E. and 
	{Baldini}, L. and {Ballet}, J. and {Barbiellini}, G. and {Bastieri}, D. and 
	{Bechtol}, K. and {Bellazzini}, R. and {Berenji}, B. and {Blandford}, R.~D. and 
	{Bloom}, E.~D. and {Bonamente}, E. and {Borgland}, A.~W. and 
	{Bouvier}, A. and {Bregeon}, J. and {Brez}, A. and {Brigida}, M. and 
	{Bruel}, P. and {Buehler}, R. and {Burnett}, T.~H. and {Buson}, S. and 
	{Caliandro}, G.~A. and {Cameron}, R.~A. and {Caraveo}, P.~A. and 
	{Carrigan}, S. and {Casandjian}, J.~M. and {Cavazzuti}, E. and 
	{Cecchi}, C. and {{\c C}elik}, {\"O}. and {Chekhtman}, A. and 
	{Cheung}, C.~C. and {Chiang}, J. and {Ciprini}, S. and {Claus}, R. and 
	{Cohen-Tanugi}, J. and {Cominsky}, L.~R. and {Conrad}, J. and 
	{Costamante}, L. and {Cutini}, S. and {Dermer}, C.~D. and {de Angelis}, A. and 
	{de Palma}, F. and {Silva}, E.~d.~C.~e. and {Drell}, P.~S. and 
	{Dubois}, R. and {Dumora}, D. and {Farnier}, C. and {Favuzzi}, C. and 
	{Fegan}, S.~J. and {Focke}, W.~B. and {Fortin}, P. and {Frailis}, M. and 
	{Fukazawa}, Y. and {Funk}, S. and {Fusco}, P. and {Gargano}, F. and 
	{Gasparrini}, D. and {Gehrels}, N. and {Germani}, S. and {Giebels}, B. and 
	{Giglietto}, N. and {Giommi}, P. and {Giordano}, F. and {Glanzman}, T. and 
	{Godfrey}, G. and {Grenier}, I.~A. and {Grondin}, M.-H. and 
	{Grove}, J.~E. and {Guiriec}, S. and {Hadasch}, D. and {Hayashida}, M. and 
	{Hays}, E. and {Healey}, S.~E. and {Horan}, D. and {Hughes}, R.~E. and 
	{Itoh}, R. and {J{\'o}hannesson}, G. and {Johnson}, A.~S. and 
	{Johnson}, W.~N. and {Kamae}, T. and {Katagiri}, H. and {Kataoka}, J. and 
	{Kawai}, N. and {Kn{\"o}dlseder}, J. and {Kuss}, M. and {Lande}, J. and 
	{Larsson}, S. and {Latronico}, L. and {Lemoine-Goumard}, M. and 
	{Longo}, F. and {Loparco}, F. and {Lott}, B. and {Lovellette}, M.~N. and 
	{Lubrano}, P. and {Madejski}, G.~M. and {Makeev}, A. and {Massaro}, E. and 
	{Mazziotta}, M.~N. and {McEnery}, J.~E. and {Michelson}, P.~F. and 
	{Mitthumsiri}, W. and {Mizuno}, T. and {Moiseev}, A.~A. and 
	{Monte}, C. and {Monzani}, M.~E. and {Morselli}, A. and {Moskalenko}, I.~V. and 
	{Mueller}, M. and {Murgia}, S. and {Nolan}, P.~L. and {Norris}, J.~P. and 
	{Nuss}, E. and {Ohno}, M. and {Ohsugi}, T. and {Omodei}, N. and 
	{Orlando}, E. and {Ormes}, J.~F. and {Ozaki}, M. and {Panetta}, J.~H. and 
	{Parent}, D. and {Pelassa}, V. and {Pepe}, M. and {Pesce-Rollins}, M. and 
	{Piron}, F. and {Porter}, T.~A. and {Rain{\`o}}, S. and {Rando}, R. and 
	{Razzano}, M. and {Reimer}, A. and {Reimer}, O. and {Ritz}, S. and 
	{Rodriguez}, A.~Y. and {Romani}, R.~W. and {Roth}, M. and {Ryde}, F. and 
	{Sadrozinski}, H.~F.-W. and {Sander}, A. and {Scargle}, J.~D. and 
	{Sgr{\`o}}, C. and {Shaw}, M.~S. and {Smith}, P.~D. and {Spandre}, G. and 
	{Spinelli}, P. and {Starck}, J.-L. and {Strickman}, M.~S. and 
	{Suson}, D.~J. and {Takahashi}, H. and {Takahashi}, T. and {Tanaka}, T. and 
	{Thayer}, J.~B. and {Thayer}, J.~G. and {Thompson}, D.~J. and 
	{Tibaldo}, L. and {Torres}, D.~F. and {Tosti}, G. and {Tramacere}, A. and 
	{Uchiyama}, Y. and {Usher}, T.~L. and {Vasileiou}, V. and {Vilchez}, N. and 
	{Vitale}, V. and {Waite}, A.~P. and {Wallace}, E. and {Wang}, P. and 
	{Winer}, B.~L. and {Wood}, K.~S. and {Yang}, Z. and {Ylinen}, T. and 
	{Ziegler}, M.},
    title = "{Gamma-ray Light Curves and Variability of Bright Fermi-detected Blazars}",
  journal = {\apj},
archivePrefix = "arXiv",
   eprint = {1004.0348},
 primaryClass = "astro-ph.HE",
 keywords = {BL Lacertae objects: general, gamma rays: galaxies, gamma rays: general, methods: data analysis, methods: statistical, quasars: general},
     year = 2010,
    month = oct,
   volume = 722,
    pages = {520-542},
      doi = {10.1088/0004-637X/722/1/520},
   adsurl = {http://adsabs.harvard.edu/abs/2010ApJ...722..520A},
  adsnote = {Provided by the SAO/NASA Astrophysics Data System}
}
@ARTICLE{2009ApJ...697.1071A,
   author = {{Atwood}, W.~B. and {Abdo}, A.~A. and {Ackermann}, M. and {Althouse}, W. and 
	{Anderson}, B. and {Axelsson}, M. and {Baldini}, L. and {Ballet}, J. and 
	{Band}, D.~L. and {Barbiellini}, G. and et al.},
    title = "{The Large Area Telescope on the Fermi Gamma-Ray Space Telescope Mission}",
  journal = {\apj},
archivePrefix = "arXiv",
   eprint = {0902.1089},
 primaryClass = "astro-ph.IM",
 keywords = {cosmic rays, galaxies: active, Galaxy: general, gamma rays: observations, Sun: X-rays, gamma rays, telescopes},
     year = 2009,
    month = jun,
   volume = 697,
    pages = {1071-1102},
      doi = {10.1088/0004-637X/697/2/1071},
   adsurl = {http://adsabs.harvard.edu/abs/2009ApJ...697.1071A},
  adsnote = {Provided by the SAO/NASA Astrophysics Data System}
}

@ARTICLE{pass8,
   author = {{Atwood}, W. and {Albert}, A. and {Baldini}, L. and {Tinivella}, M. and 
	{Bregeon}, J. and {Pesce-Rollins}, M. and {Sgr{\`o}}, C. and 
	{Bruel}, P. and {Charles}, E. and {Drlica-Wagner}, A. and {Franckowiak}, A. and 
	{Jogler}, T. and {Rochester}, L. and {Usher}, T. and {Wood}, M. and 
	{Cohen-Tanugi}, J. and {S.~Zimmer for the Fermi-LAT Collaboration}
	},
    title = "{Pass 8: Toward the Full Realization of the Fermi-LAT Scientific Potential}",
  journal = {ArXiv e-prints},
archivePrefix = "arXiv",
   eprint = {1303.3514},
 primaryClass = "astro-ph.IM",
 keywords = {Astrophysics - Instrumentation and Methods for Astrophysics, Astrophysics - High Energy Astrophysical Phenomena},
     year = 2013,
    month = mar,
   adsurl = {http://adsabs.harvard.edu/abs/2013arXiv1303.3514A},
  adsnote = {Provided by the SAO/NASA Astrophysics Data System}
}
@ARTICLE{fermipy,
   author = {{Wood}, M. and {Caputo}, R. and {Charles}, E. and {Di Mauro}, M. and 
	{Magill}, J. and {Jeremy Perkins for the Fermi-LAT Collaboration}
	},
    title = "{Fermipy: An open-source Python package for analysis of Fermi-LAT Data}",
  journal = {ArXiv e-prints},
archivePrefix = "arXiv",
   eprint = {1707.09551},
 primaryClass = "astro-ph.IM",
 keywords = {Astrophysics - Instrumentation and Methods for Astrophysics},
     year = 2017,
    month = jul,
   adsurl = {http://adsabs.harvard.edu/abs/2017arXiv170709551W},
  adsnote = {Provided by the SAO/NASA Astrophysics Data System}
}

@ARTICLE{mattox1996,
   author = {{Mattox}, J.~R. and {Bertsch}, D.~L. and {Chiang}, J. and {Dingus}, B.~L. and 
	{Digel}, S.~W. and {Esposito}, J.~A. and {Fierro}, J.~M. and 
	{Hartman}, R.~C. and {Hunter}, S.~D. and {Kanbach}, G. and {Kniffen}, D.~A. and 
	{Lin}, Y.~C. and {Macomb}, D.~J. and {Mayer-Hasselwander}, H.~A. and 
	{Michelson}, P.~F. and {von Montigny}, C. and {Mukherjee}, R. and 
	{Nolan}, P.~L. and {Ramanamurthy}, P.~V. and {Schneid}, E. and 
	{Sreekumar}, P. and {Thompson}, D.~J. and {Willis}, T.~D.},
    title = "{The Likelihood Analysis of EGRET Data}",
  journal = {\apj},
 keywords = {GAMMA RAYS: OBSERVATIONS, METHODS: DATA ANALYSIS, METHODS: STATISTICAL},
     year = 1996,
    month = apr,
   volume = 461,
    pages = {396},
      doi = {10.1086/177068},
   adsurl = {http://adsabs.harvard.edu/abs/1996ApJ...461..396M},
  adsnote = {Provided by the SAO/NASA Astrophysics Data System}
}

@ARTICLE{3fgl,
   author = {{Acero}, F. and {Ackermann}, M. and {Ajello}, M. and {Albert}, A. and 
	{Atwood}, W.~B. and {Axelsson}, M. and {Baldini}, L. and {Ballet}, J. and 
	{Barbiellini}, G. and {Bastieri}, D. and {Belfiore}, A. and 
	{Bellazzini}, R. and {Bissaldi}, E. and {Blandford}, R.~D. and 
	{Bloom}, E.~D. and {Bogart}, J.~R. and {Bonino}, R. and {Bottacini}, E. and 
	{Bregeon}, J. and {Britto}, R.~J. and {Bruel}, P. and {Buehler}, R. and 
	{Burnett}, T.~H. and {Buson}, S. and {Caliandro}, G.~A. and 
	{Cameron}, R.~A. and {Caputo}, R. and {Caragiulo}, M. and {Caraveo}, P.~A. and 
	{Casandjian}, J.~M. and {Cavazzuti}, E. and {Charles}, E. and 
	{Chaves}, R.~C.~G. and {Chekhtman}, A. and {Cheung}, C.~C. and 
	{Chiang}, J. and {Chiaro}, G. and {Ciprini}, S. and {Claus}, R. and 
	{Cohen-Tanugi}, J. and {Cominsky}, L.~R. and {Conrad}, J. and 
	{Cutini}, S. and {D'Ammando}, F. and {de Angelis}, A. and {DeKlotz}, M. and 
	{de Palma}, F. and {Desiante}, R. and {Digel}, S.~W. and {Di Venere}, L. and 
	{Drell}, P.~S. and {Dubois}, R. and {Dumora}, D. and {Favuzzi}, C. and 
	{Fegan}, S.~J. and {Ferrara}, E.~C. and {Finke}, J. and {Franckowiak}, A. and 
	{Fukazawa}, Y. and {Funk}, S. and {Fusco}, P. and {Gargano}, F. and 
	{Gasparrini}, D. and {Giebels}, B. and {Giglietto}, N. and {Giommi}, P. and 
	{Giordano}, F. and {Giroletti}, M. and {Glanzman}, T. and {Godfrey}, G. and 
	{Grenier}, I.~A. and {Grondin}, M.-H. and {Grove}, J.~E. and 
	{Guillemot}, L. and {Guiriec}, S. and {Hadasch}, D. and {Harding}, A.~K. and 
	{Hays}, E. and {Hewitt}, J.~W. and {Hill}, A.~B. and {Horan}, D. and 
	{Iafrate}, G. and {Jogler}, T. and {J{\'o}hannesson}, G. and 
	{Johnson}, R.~P. and {Johnson}, A.~S. and {Johnson}, T.~J. and 
	{Johnson}, W.~N. and {Kamae}, T. and {Kataoka}, J. and {Katsuta}, J. and 
	{Kuss}, M. and {La Mura}, G. and {Landriu}, D. and {Larsson}, S. and 
	{Latronico}, L. and {Lemoine-Goumard}, M. and {Li}, J. and {Li}, L. and 
	{Longo}, F. and {Loparco}, F. and {Lott}, B. and {Lovellette}, M.~N. and 
	{Lubrano}, P. and {Madejski}, G.~M. and {Massaro}, F. and {Mayer}, M. and 
	{Mazziotta}, M.~N. and {McEnery}, J.~E. and {Michelson}, P.~F. and 
	{Mirabal}, N. and {Mizuno}, T. and {Moiseev}, A.~A. and {Mongelli}, M. and 
	{Monzani}, M.~E. and {Morselli}, A. and {Moskalenko}, I.~V. and 
	{Murgia}, S. and {Nuss}, E. and {Ohno}, M. and {Ohsugi}, T. and 
	{Omodei}, N. and {Orienti}, M. and {Orlando}, E. and {Ormes}, J.~F. and 
	{Paneque}, D. and {Panetta}, J.~H. and {Perkins}, J.~S. and 
	{Pesce-Rollins}, M. and {Piron}, F. and {Pivato}, G. and {Porter}, T.~A. and 
	{Racusin}, J.~L. and {Rando}, R. and {Razzano}, M. and {Razzaque}, S. and 
	{Reimer}, A. and {Reimer}, O. and {Reposeur}, T. and {Rochester}, L.~S. and 
	{Romani}, R.~W. and {Salvetti}, D. and {S{\'a}nchez-Conde}, M. and 
	{Saz Parkinson}, P.~M. and {Schulz}, A. and {Siskind}, E.~J. and 
	{Smith}, D.~A. and {Spada}, F. and {Spandre}, G. and {Spinelli}, P. and 
	{Stephens}, T.~E. and {Strong}, A.~W. and {Suson}, D.~J. and 
	{Takahashi}, H. and {Takahashi}, T. and {Tanaka}, Y. and {Thayer}, J.~G. and 
	{Thayer}, J.~B. and {Thompson}, D.~J. and {Tibaldo}, L. and 
	{Tibolla}, O. and {Torres}, D.~F. and {Torresi}, E. and {Tosti}, G. and 
	{Troja}, E. and {Van Klaveren}, B. and {Vianello}, G. and {Winer}, B.~L. and 
	{Wood}, K.~S. and {Wood}, M. and {Zimmer}, S. and {Fermi-LAT Collaboration}
	},
    title = "{Fermi Large Area Telescope Third Source Catalog}",
  journal = {\apjs},
archivePrefix = "arXiv",
   eprint = {1501.02003},
 primaryClass = "astro-ph.HE",
 keywords = {catalogs, gamma rays: general},
     year = 2015,
    month = jun,
   volume = 218,
      eid = {23},
    pages = {23},
      doi = {10.1088/0067-0049/218/2/23},
   adsurl = {http://adsabs.harvard.edu/abs/2015ApJS..218...23A},
  adsnote = {Provided by the SAO/NASA Astrophysics Data System}
}
@ARTICLE{lott2012,
   author = {{Lott}, B. and {Escande}, L. and {Larsson}, S. and {Ballet}, J.
	},
    title = "{An adaptive-binning method for generating constant-uncertainty/constant-significance light curves with Fermi-LAT data}",
  journal = {\aap},
archivePrefix = "arXiv",
   eprint = {1201.4851},
 primaryClass = "astro-ph.HE",
 keywords = {methods: data analysis},
     year = 2012,
    month = aug,
   volume = 544,
      eid = {A6},
    pages = {A6},
      doi = {10.1051/0004-6361/201218873},
   adsurl = {http://adsabs.harvard.edu/abs/2012A%26A...544A...6L},
  adsnote = {Provided by the SAO/NASA Astrophysics Data System}
}
@ARTICLE{2006ApJ...637..669L,
       author = {{Liu}, Yi and {Jiang}, Dong Rong and {Gu}, Min Feng},
        title = "{The Jet Power, Radio Loudness, and Black Hole Mass in Radio-loud Active
        Galactic Nuclei}",
      journal = {\apj},
     keywords = {Black Hole Physics, Galaxies: Active, Galaxies: Jets, Galaxies: Nuclei,
        Galaxies: Quasars: Emission Lines, Galaxies: Quasars: General,
        Astrophysics},
         year = 2006,
        month = Feb,
       volume = {637},
        pages = {669-681},
          doi = {10.1086/498639},
       adsurl = {https://ui.adsabs.harvard.edu/#abs/2006ApJ...637..669L},
      adsnote = {Provided by the SAO/NASA Astrophysics Data System}
}

@ARTICLE{2012RMxAA..48....9T,
   author = {{Torrealba}, J. and {Chavushyan}, V. and {Cruz-Gonz{\'a}lez}, I. and 
	{Arshakian}, T.~G. and {Bertone}, E. and {Rosa-Gonz{\'a}lez}, D.
	},
    title = "{Optical Spectroscopic Atlas of the MOJAVE/2cm AGN Sample}",
  journal = {\rmxaa},
archivePrefix = "arXiv",
   eprint = {1107.3416},
 primaryClass = "astro-ph.CO",
 keywords = {atlases, galaxies: active, galaxies: nuclei, quasars: emission lines, techniques: spectroscopic},
     year = 2012,
    month = apr,
   volume = 48,
    pages = {9-40},
   adsurl = {http://adsabs.harvard.edu/abs/2012RMxAA..48....9T},
  adsnote = {Provided by the SAO/NASA Astrophysics Data System}
}

@ARTICLE{2014Natur.510..126Z,
   author = {{Zamaninasab}, M. and {Clausen-Brown}, E. and {Savolainen}, T. and 
	{Tchekhovskoy}, A.},
    title = "{Dynamically important magnetic fields near accreting supermassive black holes}",
  journal = {\nat},
     year = 2014,
    month = jun,
   volume = 510,
    pages = {126-128},
      doi = {10.1038/nature13399},
   adsurl = {http://adsabs.harvard.edu/abs/2014Natur.510..126Z},
  adsnote = {Provided by the SAO/NASA Astrophysics Data System}
}

@ARTICLE{knuth2006,
   author = {{Knuth}, K.~H.},
    title = "{Optimal Data-Based Binning for Histograms}",
  journal = {ArXiv Physics e-prints},
   eprint = {physics/0605197},
 keywords = {Physics - Data Analysis, Statistics and Probability, Mathematics - Probability, Mathematics - Statistics Theory, Physics - Computational Physics},
     year = 2006,
    month = may,
   adsurl = {http://adsabs.harvard.edu/abs/2006physics...5197K},
  adsnote = {Provided by the SAO/NASA Astrophysics Data System}
}


@ARTICLE{2014MNRAS.445..437M,
   author = {{Max-Moerbeck}, W. and {Richards}, J.~L. and {Hovatta}, T. and 
	{Pavlidou}, V. and {Pearson}, T.~J. and {Readhead}, A.~C.~S.
	},
    title = "{A method for the estimation of the significance of cross-correlations in unevenly sampled red-noise time series}",
  journal = {\mnras},
archivePrefix = "arXiv",
   eprint = {1408.6265},
 primaryClass = "astro-ph.IM",
 keywords = {methods: data analysis, methods: statistical, techniques: miscellaneous},
     year = 2014,
    month = nov,
   volume = 445,
    pages = {437-459},
      doi = {10.1093/mnras/stu1707},
   adsurl = {http://adsabs.harvard.edu/abs/2014MNRAS.445..437M},
  adsnote = {Provided by the SAO/NASA Astrophysics Data System}
}


@ARTICLE{2014MNRAS.445..428M,
   author = {{Max-Moerbeck}, W. and {Hovatta}, T. and {Richards}, J.~L. and 
	{King}, O.~G. and {Pearson}, T.~J. and {Readhead}, A.~C.~S. and 
	{Reeves}, R. and {Shepherd}, M.~C. and {Stevenson}, M.~A. and 
	{Angelakis}, E. and {Fuhrmann}, L. and {Grainge}, K.~J.~B. and 
	{Pavlidou}, V. and {Romani}, R.~W. and {Zensus}, J.~A.},
    title = "{Time correlation between the radio and gamma-ray activity in blazars and the production site of the gamma-ray emission}",
  journal = {\mnras},
archivePrefix = "arXiv",
   eprint = {1408.6264},
 primaryClass = "astro-ph.HE",
 keywords = {galaxies: active, BL Lacertae objects: general, quasars: general, gamma rays: galaxies, radio continuum: galaxies},
     year = 2014,
    month = nov,
   volume = 445,
    pages = {428-436},
      doi = {10.1093/mnras/stu1749},
   adsurl = {http://adsabs.harvard.edu/abs/2014MNRAS.445..428M},
  adsnote = {Provided by the SAO/NASA Astrophysics Data System}
}


@ARTICLE{2013MNRAS.433..907E,
   author = {{Emmanoulopoulos}, D. and {McHardy}, I.~M. and {Papadakis}, I.~E.
	},
    title = "{Generating artificial light curves: revisited and updated}",
  journal = {\mnras},
archivePrefix = "arXiv",
   eprint = {1305.0304},
 primaryClass = "astro-ph.IM",
     year = 2013,
    month = aug,
   volume = 433,
    pages = {907-927},
      doi = {10.1093/mnras/stt764},
   adsurl = {http://adsabs.harvard.edu/abs/2013MNRAS.433..907E},
  adsnote = {Provided by the SAO/NASA Astrophysics Data System}
}

@ARTICLE{1995A&A...300..707T,
   author = {{Timmer}, J. and {Koenig}, M.},
    title = "{On generating power law noise.}",
  journal = {\aap},
 keywords = {X-RAYS: GALAXIES, METHODS: STATISTICAL},
     year = 1995,
    month = aug,
   volume = 300,
    pages = {707},
   adsurl = {http://adsabs.harvard.edu/abs/1995A%26A...300..707T},
  adsnote = {Provided by the SAO/NASA Astrophysics Data System}
}

